<record><leader>00000cas a22000007a 4500</leader><controlfield tag="001">20362213</controlfield><controlfield tag="008">890918d188918uulauuu ne      0    0eng d</controlfield><datafield ind1=" " ind2=" " tag="010"><subfield code="a">sn 89059333 </subfield></datafield><datafield ind1=" " ind2=" " tag="040"><subfield code="a">LNP</subfield><subfield code="b">eng</subfield><subfield code="c">LNP</subfield><subfield code="d">OCLCQ</subfield></datafield><datafield ind1=" " ind2=" " tag="042"><subfield code="a">msc</subfield></datafield><datafield ind1="0" ind2=" " tag="130"><subfield code="a">Jennings reporter (Jennings, La.)</subfield></datafield><datafield ind1="1" ind2="0" tag="245"><subfield code="a">Jennings reporter.</subfield></datafield><datafield ind1=" " ind2=" " tag="260"><subfield code="a">Jennings, La. :</subfield><subfield code="b">[Wm. Cary]</subfield></datafield><datafield ind1=" " ind2=" " tag="300"><subfield code="a">v.</subfield></datafield><datafield ind1="0" ind2=" " tag="362"><subfield code="a">Jan. 17, 1889-</subfield></datafield><datafield ind1=" " ind2=" " tag="752"><subfield code="a">United States</subfield><subfield code="b">Louisiana</subfield><subfield code="c">Jefferson Davis</subfield><subfield code="d">Jennings.</subfield></datafield><datafield ind1="0" ind2="0" tag="785"><subfield code="t">Jennings times (Jennings, La.)</subfield><subfield code="w">(DLC)sn 89059334</subfield></datafield></record>